<?xml version="1.0" encoding="UTF-8"?><collection xmlns="http://www.loc.gov/MARC21/slim"><record><leader>00626nam--2200229-u-4500</leader><controlfield tag="001">000050397</controlfield><controlfield tag="002">20161230</controlfield><controlfield tag="003">81728</controlfield><controlfield tag="005">20181213050310</controlfield><controlfield tag="008">070226s1000------------r-----000-0-eng-d</controlfield><datafield ind1=" " ind2=" " tag="020"><subfield code="a">0-521-63265-X</subfield></datafield><datafield ind1=" " ind2=" " tag="040"><subfield code="a">IFIN-HH</subfield></datafield><datafield ind1=" " ind2=" " tag="041"><subfield code="a">eng</subfield></datafield><datafield ind1=" " ind2=" " tag="080"><subfield code="a">530.145</subfield></datafield><datafield ind1="1" ind2=" " tag="100"><subfield code="a">Ticciati,R</subfield></datafield><datafield ind1="1" ind2="0" tag="245"><subfield code="a">Quantum Field Theory for Mathematicians</subfield><subfield code="c">R. Ticciati</subfield></datafield><datafield ind1=" " ind2=" " tag="260"><subfield code="a">Cambridge</subfield><subfield code="b">Cambridge University Press</subfield><subfield code="c">1999</subfield></datafield><datafield ind1=" " ind2=" " tag="300"><subfield code="a">699 p</subfield></datafield><datafield ind1=" " ind2=" " tag="490"><subfield code="a">Encyclopedia of Mathematics and Its Apllications</subfield><subfield code="v">Vol. 72</subfield></datafield><datafield ind1=" " ind2="4" tag="650"><subfield code="a">Quantization of Gauge Theories</subfield></datafield><datafield ind1=" " ind2=" " tag="852"><subfield code="c">530.145</subfield></datafield><datafield ind1=" " ind2=" " tag="CAT"><subfield code="a">SYS</subfield><subfield code="c">20181213</subfield><subfield code="h">050310</subfield></datafield></record></collection>